@book{murray1994mathematical,
  title={A mathematical introduction to robotic manipulation},
  author={Murray, Richard M and Li, Zexiang and Sastry, S Shankar and Sastry, S Shankara},
  year={1994},
  publisher={CRC press}
}